<record xmlns="http://www.loc.gov/MARC21/slim" xmlns:xsi="http://www.w3.org/2001/XMLSchema-instance" xsi:schemaLocation="http://www.loc.gov/MARC21/slim http://www.loc.gov/standards/marcxml/schema/MARC21slim.xsd"><leader>02467nam a2200445   4500</leader><controlfield tag="001">3067671</controlfield><controlfield tag="003">NNC</controlfield><controlfield tag="006">m        d        </controlfield><controlfield tag="007">cr cn |||m|||a</controlfield><controlfield tag="008">150223s1948    iq      o     000 0 ara d</controlfield><datafield ind1=" " ind2=" " tag="040"><subfield code="a">NNU</subfield><subfield code="b">eng</subfield><subfield code="c">NNU</subfield></datafield><datafield ind1="1" ind2=" " tag="041"><subfield code="a">ara</subfield><subfield code="a">per</subfield></datafield><datafield ind1=" " ind2=" " tag="043"><subfield code="a">a-iq---</subfield><subfield code="a">a-tu---</subfield><subfield code="a">a-ir---</subfield></datafield><datafield ind1=" " ind2="4" tag="050"><subfield code="a">DS51.K7</subfield><subfield code="b">M83</subfield></datafield><datafield ind1="1" ind2=" " tag="100"><subfield code="6">880-01</subfield><subfield code="a">Munshi&#700; al-Baghda&#772;di&#772;, Muh&#803;ammad ibn Ah&#803;mad.</subfield></datafield><datafield ind1="1" ind2="0" tag="245"><subfield code="6">880-02</subfield><subfield code="a">Rih&#803;lat al-Munshi&#772; al-Baghda&#772;di&#772;</subfield><subfield code="h">[electronic resource] :</subfield><subfield code="b">Katabaha&#772; sanat 1237 H. - 1822 A.D. ba&#699;da an tajawwala fi&#772; diya&#772;r al-Kurd wa-mawa&#772;t&#803;in al-&#699;Ir&#772;aq al-ukhra&#769; ; naqalaha&#772; &#699;an al-Fa&#772;risi&#772;yah &#699;Abba&#772;s al-&#699;Azza&#772;wi&#772;.</subfield></datafield><datafield ind1=" " ind2=" " tag="260"><subfield code="6">880-03</subfield><subfield code="a">Baghda&#772;d :</subfield><subfield code="b">Sharikat al-Tija&#772;rah wa-al-T&#803;iba&#772;&#699;ah al-Mah&#803;du&#772;dah,</subfield><subfield code="c">1948.</subfield></datafield><datafield ind1=" " ind2=" " tag="300"><subfield code="a">online resource (128 p.)</subfield></datafield><datafield ind1=" " ind2=" " tag="500"><subfield code="a">Added t.p. : Itinerary of al-Munshi al-Baghdady ...</subfield></datafield><datafield ind1=" " ind2=" " tag="500"><subfield code="a">Part of the Arabic Collections Online (ACO) project, contributed by Columbia University Libraries.</subfield></datafield><datafield ind1=" " ind2=" " tag="533"><subfield code="a">Electronic reproduction.</subfield><subfield code="b">New York, N.Y. :</subfield><subfield code="c">New York University,</subfield><subfield code="d">2015.</subfield><subfield code="5">NNU</subfield></datafield><datafield ind1="1" ind2="0" tag="600"><subfield code="a">Rich, Claudius James,</subfield><subfield code="d">1787-1821.</subfield></datafield><datafield ind1=" " ind2="0" tag="651"><subfield code="a">Kurdistan</subfield><subfield code="x">Description and travel.</subfield></datafield><datafield ind1=" " ind2="0" tag="651"><subfield code="a">Iraq</subfield><subfield code="x">Description and travel.</subfield></datafield><datafield ind1="1" ind2="7" tag="600"><subfield code="a">Rich, Claudius James,</subfield><subfield code="d">1787-1821.</subfield><subfield code="2">fast</subfield><subfield code="0">(OCoLC)fst00279441</subfield></datafield><datafield ind1=" " ind2="7" tag="650"><subfield code="a">Travel.</subfield><subfield code="2">fast</subfield><subfield code="0">(OCoLC)fst01155558</subfield></datafield><datafield ind1=" " ind2="7" tag="651"><subfield code="a">Iraq.</subfield><subfield code="2">fast</subfield><subfield code="0">(OCoLC)fst01205757</subfield></datafield><datafield ind1=" " ind2="7" tag="651"><subfield code="a">Middle East</subfield><subfield code="z">Kurdistan.</subfield><subfield code="2">fast</subfield><subfield code="0">(OCoLC)fst01245586</subfield></datafield><datafield ind1="1" ind2=" " tag="700"><subfield code="6">880-04</subfield><subfield code="a">&#699;Azza&#772;wi&#772;, &#699;Abba&#772;s.</subfield></datafield><datafield ind1="2" ind2=" " tag="710"><subfield code="a">Columbia University.</subfield><subfield code="b">Libraries.</subfield></datafield><datafield ind1="0" ind2=" " tag="730"><subfield code="a">Arabic Collections Online.</subfield></datafield><datafield ind1="0" ind2=" " tag="740"><subfield code="a">Itinerary of al-Munshi al-Baghdady.</subfield></datafield><datafield ind1="0" ind2="8" tag="776"><subfield code="i">Print version:</subfield><subfield code="a">Munshi&#700; al-Baghda&#772;di&#772;, Muh&#803;ammad ibn Ah&#803;mad.</subfield><subfield code="t">Rih&#803;lat al-Munshi&#772; al-Baghda&#772;di&#772;</subfield><subfield code="w">(NNC)3067671</subfield><subfield code="w">(OCoLC)81901540</subfield></datafield><datafield ind1="4" ind2="0" tag="856"><subfield code="u">http://hdl.handle.net/2333.1/dbrv178c</subfield></datafield><datafield ind1="1" ind2=" " tag="880"><subfield code="6">100-01/r</subfield><subfield code="a">&#1605;&#1606;&#1588;&#1610; &#1575;&#1604;&#1576;&#1594;&#1583;&#1575;&#1583;&#1610;&#1548; &#1605;&#1581;&#1605;&#1583; &#1576;&#1606; &#1571;&#1581;&#1605;&#1583;.</subfield></datafield><datafield ind1="1" ind2="0" tag="880"><subfield code="6">245-02/r</subfield><subfield code="a">&#1585;&#1581;&#1604;&#1577; &#1575;&#1604;&#1605;&#1606;&#1588;&#1610; &#1575;&#1604;&#1576;&#1594;&#1583;&#1575;&#1583;&#1610; ... :</subfield><subfield code="b">&#1603;&#1578;&#1576;&#1607;&#1575; &#1587;&#1606;&#1577; &#1633;&#1634;&#1635;&#1639;&#1607;-&#1633;&#1640;&#1634;&#1634;&#1605; &#1576;&#1593;&#1583; &#1571;&#1606; &#1578;&#1580;&#1608;&#1604; &#1601;&#1610; &#1583;&#1610;&#1575;&#1585; &#1575;&#1604;&#1603;&#1585;&#1583; &#1608; &#1605;&#1608;&#1575;&#1591;&#1606; &#1575;&#1604;&#1593;&#1585;&#1575;&#1602; &#1575;&#1604;&#1571;&#1582;&#1585;&#1609; &#1563; &#1606;&#1602;&#1604;&#1607;&#1575; &#1593;&#1606; &#1575;&#1604;&#1601;&#1575;&#1585;&#1587;&#1610;&#1577; &#1593;&#1576;&#1575;&#1587; &#1575;&#1604;&#1593;&#1586;&#1575;&#1608;&#1610;.</subfield></datafield><datafield ind1=" " ind2=" " tag="880"><subfield code="6">260-03/r</subfield><subfield code="a">&#1576;&#1594;&#1583;&#1575;&#1583; :</subfield><subfield code="b">&#1588;&#1585;&#1603;&#1577; &#1575;&#1604;&#1578;&#1580;&#1575;&#1585;&#1577; &#1608; &#1575;&#1604;&#1591;&#1576;&#1575;&#1593;&#1577; &#1575;&#1604;&#1605;&#1581;&#1583;&#1608;&#1583;&#1577;&#1548;</subfield><subfield code="c">&#1633;&#1641;&#1636;&#1640;.</subfield></datafield><datafield ind1="1" ind2=" " tag="880"><subfield code="6">700-04/r</subfield><subfield code="a">&#1593;&#1586;&#1575;&#1608;&#1610;&#1548; &#1593;&#1576;&#1575;&#1587;.</subfield></datafield><datafield ind1=" " ind2=" " tag="959"><subfield code="a">NNU</subfield><subfield code="b">WEB</subfield><subfield code="c">GENI</subfield><subfield code="t">0</subfield><subfield code="m">Electronic access</subfield><subfield code="s">01</subfield></datafield><datafield ind1=" " ind2=" " tag="999"><subfield code="i">NNC_3067671</subfield><subfield code="o">(OCoLC)ocm81901540 </subfield><subfield code="s">columbia_aco000152</subfield></datafield></record>